@article{dietz2021tipping,
  title={Economic impacts of tipping points in the climate system},
  author={Dietz, Simon and Rising, James and Stoerk, Thomas and Wagner, Gernot},
  journal={PNAS},
  year={2021}
}
@article{kikstra2021tipping,
  title={The social cost of carbon dioxide under climate-economy feedbacks and temperature variability},
  author={Kikstra, Jarmo S. and Waidelich, Paul and Rising, James and Yumashev, Dmitry and Hope, Chris and Brierley, Chris M.},
  journal={ERL},
  year={in press}
}